@article{kls06, 
    author = {Deok-Soo Kim and Byunghoon Lee and Kokichi Sugihara}, 
    title = {{A Sweep-Line Algorithm for the Inclusion Hierarchy among Circles}}, 
    volume = {23}, 
    journal = {Japan Journal of Industrial and Applied Mathematics}, 
    number = {1}, 
    publisher = {Japan Society for Industrial and Applied Mathematics}, 
    pages = {127 -- 138}, 
    keywords = {computational geometry, interval search, nesting of circles, plane sweep, red-black}, 
    year = {2006}, 
}
